<?xml version="1.0" encoding="UTF-8"?><record xmlns="http://www.loc.gov/MARC21/slim" xmlns:cinclude="http://apache.org/cocoon/include/1.0" xmlns:zs="http://www.loc.gov/zing/srw/">
  <leader>00475nz  a2200133n  4500</leader>
  <controlfield tag="001">no 99072697 </controlfield>
  <controlfield tag="003">DLC</controlfield>
  <controlfield tag="005">19991006180552.0</controlfield>
  <controlfield tag="008">991005n| acannaabn          |n aaa     c</controlfield>
  <datafield tag="010" ind1=" " ind2=" ">
    <subfield code="a">no 99072697 </subfield>
  </datafield>
  <datafield tag="035" ind1=" " ind2=" ">
    <subfield code="a">(OCoLC)oca05076710</subfield>
  </datafield>
  <datafield tag="040" ind1=" " ind2=" ">
    <subfield code="a">TxU</subfield>
    <subfield code="b">eng</subfield>
    <subfield code="c">TxU</subfield>
  </datafield>
  <datafield tag="100" ind1="1" ind2=" ">
    <subfield code="a">Teare, Diane</subfield>
  </datafield>
  <datafield tag="670" ind1=" " ind2=" ">
    <subfield code="a">Designing Cisco networks, c1999:</subfield>
    <subfield code="b">t.p. (Diane Teare) p. 4 of cover (senior network architect with GeoTrain Corp.; certified Cisco systems instructor with more than 14 yrs. of experience)</subfield>
  </datafield>
</record>